<record><leader>00000cas a22000007a 4500</leader><controlfield tag="001">2265861</controlfield><controlfield tag="008">760620d18601860pauwr ne      0    0eng d</controlfield><datafield ind1=" " ind2=" " tag="010"><subfield code="a">sn 85055275 </subfield></datafield><datafield ind1=" " ind2=" " tag="040"><subfield code="a">PIT</subfield><subfield code="b">eng</subfield><subfield code="c">PIT</subfield><subfield code="d">NPH</subfield><subfield code="d">NPX</subfield><subfield code="d">DLC</subfield><subfield code="d">OCLCG</subfield><subfield code="d">OCLCF</subfield><subfield code="d">OCLCO</subfield></datafield><datafield ind1="1" ind2=" " tag="029"><subfield code="a">AU@</subfield><subfield code="b">000025805395</subfield></datafield><datafield ind1=" " ind2=" " tag="042"><subfield code="a">msc</subfield></datafield><datafield ind1="0" ind2=" " tag="130"><subfield code="a">Pennsylvania statesman (Harrisburg, Pa.)</subfield></datafield><datafield ind1="0" ind2="0" tag="245"><subfield code="a">Pennsylvania statesman.</subfield></datafield><datafield ind1=" " ind2=" " tag="260"><subfield code="a">Harrisburg [Pa.] :</subfield><subfield code="b">J.M. Cooper,</subfield><subfield code="c">1860.</subfield></datafield><datafield ind1=" " ind2=" " tag="300"><subfield code="a">v. :</subfield><subfield code="b">ill. ;</subfield><subfield code="c">56 cm.</subfield></datafield><datafield ind1=" " ind2=" " tag="310"><subfield code="a">Weekly</subfield></datafield><datafield ind1="0" ind2=" " tag="362"><subfield code="a">Aug. 11, 1860-Nov. 3, 1860.</subfield></datafield><datafield ind1=" " ind2=" " tag="500"><subfield code="a">Democratic campaign paper; supporting John C. Breckinridge for president.</subfield></datafield><datafield ind1="1" ind2="0" tag="600"><subfield code="a">Breckinridge, John C.</subfield><subfield code="q">(John Cabell),</subfield><subfield code="d">1821-1875.</subfield></datafield><datafield ind1="1" ind2="7" tag="600"><subfield code="a">Breckinridge, John C.</subfield><subfield code="q">(John Cabell),</subfield><subfield code="d">1821-1875.</subfield><subfield code="2">fast</subfield><subfield code="0">(OCoLC)fst00194167</subfield></datafield><datafield ind1="2" ind2=" " tag="710"><subfield code="a">Republican Party (Pa. : 1792-1828)</subfield></datafield><datafield ind1=" " ind2=" " tag="752"><subfield code="a">United States</subfield><subfield code="b">Pennsylvania</subfield><subfield code="c">Dauphin</subfield><subfield code="d">Harrisburg.</subfield></datafield></record>